@online{pettec,
    author = "PetTec",
    title = "PetTec Smart Feeder",
    url  = "https://www.amazon.co.uk/PetTec-Dispenser-Automatic-Feeding-Control/dp/B07BYVFVW1/ref=sr_1_1_sspa?ie=UTF8&qid=1548169429&sr=8-1-spons&keywords=robot+pet+food+dispenser&psc=1",
    addendum = "(accessed: 22.01.2019)",
    keywords = "pet,robot"
}

@online{amzdeal,
    author = "amzdeal",
    title = "Automated Cat Feeder",
    url  = "https://www.amazon.co.uk/amzdeal-Automatic-Intelligent-Dispenser-Programme/dp/B077MKPMBD/ref=sr_1_2?ie=UTF8&qid=1548169429&sr=8-2&keywords=robot+pet+food+dispenser
",
    addendum = "(accessed: 22.01.2019)",
    keywords = "pet,robot"
}